@misc{m0_web,
	title = {{ARM Developer: Cortex-M0 Specification}},	
	howpublished = {[online] \url{https://developer.arm.com/ip-products/processors/cortex-m/cortex-m0}},  
	note = {Accessed: 2022-01-10}
}

@book{yu,
  title = {Definitive Guide to ARM (R) Cortex (R)-M3 and Cortex (R)-M4 Processors},
  publisher = {Elsevier Books},
  edition = {Third},
  year = {2013},
  author = {Joseph Yiu},
  isbn = {0124080820},
}


@misc{f303_diagram,
	title = {{STMicroelectronics: STM32F303CC Circuit Diagram}},	
	howpublished = {[online] \url{https://www.st.com/en/microcontrollers-microprocessors/stm32f303cc.html#overview}},
	note = {Accessed: 2022-01-14}
}

@misc{f303_ref,
	title = {{RM0316: STM32F303 Reference manual}},	
	author = {{STMicroelectronics}},
	howpublished = {[online] \url{https://www.st.com/resource/en/reference_manual/rm0316-stm32f303xbcde-stm32f303x68-stm32f328x8-stm32f358xc-stm32f398xe-advanced-armbased-mcus-stmicroelectronics.pdf}},
	year = 2017,
	note = {Accessed: 2022-01-11}
}

@misc{f303_datasheet,
	title = {{DS9118: STM32F303xB, STM32F303xC Datasheet}},	
	author = {{STMicroelectronics}},
	howpublished = {[online] \url{https://www.st.com/resource/en/datasheet/stm32f303vc.pdf}},
	year = 2018,
	note = {Accessed: 2022-05-08}
}

@misc{servo_control,
  title        = {Servomotor Timing Diagram},
  author       = "{Wikimedia Commons}",
  howpublished = {[online] \url{https://commons.wikimedia.org/wiki/File:Servomotor_Timing_Diagram.svg}},
  year         = 2021,
  note         = {Accessed: 2022-05-06}
}

@misc{black_pill,
  title        = {{STM32-base - RobotDyn Black Pill}},
  howpublished = {[online] \url{https://stm32-base.org/boards/STM32F303CCT6-RobotDyn-Black-Pill.html}},
  note         = {Accessed: 2022-05-06}
}

@misc{blue_pill,
  title        = {{STM32-base - Blue Pill}},
  howpublished = {[online] \url{https://stm32-base.org/boards/STM32F103C8T6-Blue-Pill}},
  note         = {Accessed: 2022-05-06}
}

@misc{mpu_datasheet,
  title        = {{MPU-6000/MPU-6050 Product Specification}},
  author       = "{InvenSense}",
  howpublished = {[online] \url{https://invensense.tdk.com/wp-content/uploads/2015/02/MPU-6000-Datasheet1.pdf}},
  year         = 2013,
  note         = {Accessed: 2022-05-07}
}

@misc{i2cdevlib,
  title        = {{I2Cdevlib: MPU-6050 6-axis accelerometer/gyroscope}},
  howpublished = {[online] \url{https://www.i2cdevlib.com/devices/mpu6050}},
  note         = {Accessed: 2022-05-07}
}

@misc{ds_datasheet,
  title        = {{DS18B20 Datasheet}},
  author       = "{Maxim Integrated}",
  howpublished = {[online] \url{https://datasheets.maximintegrated.com/en/ds/DS18B20.pdf}},
  year         = 2019,
  note         = {Accessed: 2022-05-06}
}

@misc{acs_datasheet,
  title        = {{ACS712 Datasheet}},
  author       = "{Allegro MicroSystems}",
  howpublished = {[online] \url{https://www.allegromicro.com/-/media/files/datasheets/acs712-datasheet.pdf}},
  year         = 2022,
  note         = {Accessed: 2022-05-07}
}

@misc{mg995,
  title        = {{TowerPro - MG995}},
  howpublished = {[online] \url{https://www.towerpro.com.tw/product/mg995/}},
  note         = {Accessed: 2022-05-06}
}

@misc{lipo_car,
  title        = {{Bighobby - NANO Tech 2200mAh 2S 35C (70C)}},
  howpublished = {[online] \url{https://www.bighobby.cz/bighobby-nano-tech-2200mah-2s-35c--70c-/}},
  note         = {Accessed: 2022-05-05}
}

@misc{lipo_tx,
  title        = {{Bighobby - NANO Tech 900mAh 2S 25C (50C)}},
  howpublished = {[online] \url{https://www.bighobby.cz/bighobby-nano-tech-900mah-2s-25c/}},
  note         = {Accessed: 2022-05-05}
}

@misc{tamiya,
  title        = {{Tamiya model database - 46028}},
  howpublished = {[online] \url{https://tamiyabase.com/tamiya-models/46028}},
  note         = {Accessed: 2022-05-05}
}

@misc{ap_datasheet,
  title        = {{AP2111 Datasheet}},
  author       = "{BCD Semiconductor Manufacturing Limited}",
  howpublished = {[online] \url{https://cz.mouser.com/datasheet/2/115/DiodesInc_10212021_AP2111-2636031.pdf}},
  year         = 2012,
  note         = {Accessed: 2022-05-07}
}

@misc{f3_design_an,
  title        = {{AN4206: Getting started with STM32F3 series hardware development}},
  author       = "{STMicroelectronics}",
  howpublished = {[online] \url{https://www.st.com/resource/en/application_note/an4206-getting-started-with-stm32f3-series-hardware-development-stmicroelectronics.pdf}},
  year         = 2015,
  note         = {Accessed: 2022-05-08}
}

@misc{osc_design_an,
  title        = {{AN2867: Oscillator design guide for STM8AF/AL/S, STM32 MCUs and MPUs}},
  author       = "{STMicroelectronics}",
  howpublished = {[online] \url{https://www.st.com/resource/en/application_note/cd00221665-oscillator-design-guide-for-stm8afals-stm32-mcus-and-mpus-stmicroelectronics.pdf}},
  year         = 2021,
  note         = {Accessed: 2022-05-08}
}

@misc{xt324_datasheet,
  title        = {{XT324 Datasheet}},
  author       = "{YIC}",
  howpublished = {[online] \url{https://www.tme.eu/Document/9f9ff37b85cc93101e405f379d11e905/YIC-XT324.pdf}},
  note         = {Accessed: 2022-05-08}
}

@misc{cubemx,
  title        = {{STM32Cube initialization code generator}},
  howpublished = {[online] \url{https://www.st.com/en/development-tools/stm32cubemx.html}},
  note         = {Accessed: 2022-05-09}
}

@misc{hal,
  title        = {{UM1786: Description of STM32F3 HAL and low-layer drivers}},
  author       = "{STMicroelectronics}",
  howpublished = {[online] \url{https://www.st.com/resource/en/user_manual/um1786-description-of-stm32f3-hal-and-lowlayer-drivers-stmicroelectronics.pdf}},
  year         = 2020,
  note         = {Accessed: 2022-05-09}
}
