@misc{m0_web,
	title = {{ARM Developer: Cortex-M0 Specification}},	
	howpublished = {[online] \url{https://developer.arm.com/ip-products/processors/cortex-m/cortex-m0}},  
	note = {Accessed: 2022-01-10}
}

@book{yu,
  title = {Definitive Guide to ARM (R) Cortex (R)-M3 and Cortex (R)-M4 Processors},
  publisher = {Elsevier Books},
  edition = {Third},
  year = {2013},
  author = {Joseph Yiu},
  isbn = {0124080820},
}


@misc{f303_diagram,
	title = {{STMicroelectronics: STM32F303CC Circuit Diagram}},	
	howpublished = {[online] \url{https://www.st.com/en/microcontrollers-microprocessors/stm32f303cc.html#overview}},
	note = {Accessed: 2022-01-14}
}

@misc{f303_ref,
	title = {{STMicroelectronics: RM0316 Reference manual}},	
	howpublished = {[online] \url{https://www.st.com/resource/en/reference_manual/rm0316-stm32f303xbcde-stm32f303x68-stm32f328x8-stm32f358xc-stm32f398xe-advanced-armbased-mcus-stmicroelectronics.pdf}},
	note = {Accessed: 2022-01-11}
}